@InProceedings{data,
    author = {A. Adamic, Lada and Glance, Natalie},
    title = {The political blogosphere and the 2004 US Election},
    year = {2005},
    booktitle = {Proceedings of the WWW-2005 Workshop on the Weblogging Ecosystem},
}
