@misc{one-hot,
    author       = {Will Koehrsen},
    title        = {Neural Network Embeddings Explained},
    howpublished = {\url{https://towardsdatascience.com/neural-network-embeddings-explained-4d028e6f0526}},
    year         = {2018}
}

@misc{techniques,
    author       = {Jason Brownlee},
    title        = {What Are Word Embeddings for Text?},
    howpublished = {\url{https://machinelearningmastery.com/what-are-word-embeddings/}},
    year         = {2017}
}

@misc{definition,
    author       = {Dhruvil Karani},
    title        = {Introduction to Word Embedding and Word2Vec},
    howpublished = {\url{https://towardsdatascience.com/introduction-to-word-embedding-and-word2vec-652d0c2060fa}},
    year         = {2018}
}
