@inproceedings{control-systems-tutorial,
  author    = {Gambier, Adrian},
  title     = {Real-time control systems: a tutorial},
  booktitle = {Proceedings of the 5th Asian Control Conference},
  isbn      = {0780388739},
  volume    = {2},
  publisher = {IEEE},
  year      = {2004},
  month     = {jul},
  address   = {Melbourne, Australia}
}

@incollection{real-time-constraints,
  author    = {Hsiung, Pao-Ann},
  title     = {Real-Time Constraints},
  booktitle = {Encyclopedia of Computer Science and Technology},
  isbn      = {0824722981},
  volume    = {45},
  number    = {Supplement 30},
  editor    = {Kent, Allen and Williams, James G.},
  publisher = {Marcel Dekker},
  year      = {2001},
  month     = {dec},
  address   = {New York, USA}
}

@inproceedings{preemptive-scheduling,
  author    = {Vesta, Steve},
  title     = {Preemptive Scheduling of Multi-criticality Systems with Varying Degrees of Execution Time Assurance},
  booktitle = {Proceedings of the 28th IEEE International Real-Time Systems Symposium},
  series    = {RTSS},
  isbn      = {0769530621},
  editor    = {Kellenberger, Patrick},
  publisher = {IEEE},
  year      = {2007},
  month     = {dec},
  address   = {Tucson, USA}
}

@techreport{cloud-computing-definition,
  author      = {Mell, Peter and Grance, Timothy},
  title       = {The NIST Definition of Cloud Computing},
  number      = {Special Publication 800-145},
  institution = {National Institute of Standards and Technology},
  year        = {2011},
  month       = {sep},
  address     = {Gaithersburg, USA}
}

@inproceedings{industrial-control-containers,
  author    = {Hofer, Florian and Sher, Martin A. and Iannopollo, Antonio and Ugalde, Ines and Sangiovanni-Vincentelli, Alberto and Russo, Barbara},
  title     = {Industrial Control via Application Containers: Migrating from Bare-Metal to IAAS},
  booktitle = {Proceedings of the 11th IEEE International Conference on Cloud Computing Technology and Science},
  series    = {CloudCom},
  isbn      = {978-1728150123},
  editor    = {Chen, Jinjun and Yang, Laurence T.},
  publisher = {IEEE},
  year      = {2019},
  month     = {dec},
  address   = {Sydney, Australia}
}

@inproceedings{fog-computing-status,
  author    = {Gedeon, Julien and Heuschkel, Jen and Wang, Lin and Mühlhäuser, Max},
  title     = {Fog Computing: Current Research and Future Challenges},
  booktitle = {1. GI/ITG KuVS Fachgespräche Fog Computing},
  editor    = {Koldehofe, Boris and Reinhardt, Andreas and Schulte, Stefan},
  year      = {2018},
  month     = {mar},
  address   = {Darmstadt, Germany}
}

@article{fog-computing-reliability,
  author    = {Melnik, E. V. and Klimenko, Anna B. and Ivanov, D. Ya},
  title     = {Fog-computing concept usage as means to enhance information and control system reliability},
  journal   = {Journal of Physics: Conference Series},
  volume    = {1015},
  number    = {3},
  doi       = {10.1088/1742-6596/1015/3/032175},
  issn      = {1742-6596},
  publisher = {Institute of Physics},
  year      = {2018},
  month     = {may}
}

@inproceedings{xen-description,
  author    = {Barham, Paul and Dragovic, Boris and Fraser, Keir and Hand, Steven and Harris, Tim and Ho, Alex and Neugebauer, Rolf and Pratt, Ian and Warfield, Andrew},
  title     = {Xen and the Art of Virtualization},
  booktitle = {Proceedings of the 19th ACM Symposium on Operating Systems Principles},
  series    = {SOSP},
  isbn      = {978-1581137576},
  publisher = {Association for Computing Machinery},
  year      = {2003},
  month     = {oct},
  address   = {New York, USA}
}

@inproceedings{xen-real-time,
  author    = {Xi, Sisu and Wilson, Justin and Lu, Chenyang and Gill, Christopher},
  title     = {RT-Xen: Towards real-time hypervisor scheduling in Xen},
  booktitle = {Proceedings of the 9th ACM International Conference on Embedded Software},
  series    = {EMSOFT},
  isbn      = {978-1450307147},
  publisher = {Association for Computing Machinery},
  year      = {2011},
  month     = {oct},
  address   = {Taipei, Taiwan}
}

@article{docker-kvm-performance,
  author    = {Chae, MinSu and Lee, HwaMin and Lee, Kiyeol},
  title     = {A performance comparison of linux containers and virtual machines using Docker and KVM},
  journal   = {Cluster Computing},
  volume    = {22},
  number    = {1},
  doi       = {10.1007/s10586-017-1511-2},
  issn      = {1573-7543},
  publisher = {Springer},
  year      = {2019},
  month     = {jan}
}